@book{adams1995hitchhiker,
  title={The Hitchhiker's Guide to the Galaxy},
  author={Adams, D.},
  isbn={9781417642595},
  url={http://books.google.com/books?id=W-xMPgAACAAJ},
  year={1995},
  publisher={San Val}
}
@misc{babuji_yadu_2017_853492,
  author       = {Babuji, Yadu and
                  Brizius, Alison and
                  Chard, Kyle and
                  Foster, Ian and
                  Katz, Daniel S. and
                  Wilde, Michael and
                  Wozniak, Justin},
  title        = {{Introducing Parsl: A Python Parallel Scripting Library}},
  month        = aug,
  year         = 2017,
  doi          = {10.5281/zenodo.853492},
  url          = {https://doi.org/10.5281/zenodo.853492},
  note = {DOI: \href{https://doi.org/10.5281/zenodo.853492}{10.5281/zenodo.853492}}
}
@misc{ElasticsearchKibana,
  title = {{Getting Started with Elasticsearch/Kibana}},
  year = 2018,
  author = {Elasticsearch BV},
  url = {https://elastic.co},
  note = {\href{https://elastic.co}{elastic.co}}
}
